<record><leader>00000cas a2200000 i 4500</leader><controlfield tag="001">895037794</controlfield><controlfield tag="006">m     o  d        </controlfield><controlfield tag="007">cr |n|000|||||</controlfield><controlfield tag="008">911002d19131915ncuwr neo     0   a0eng  </controlfield><datafield ind1=" " ind2=" " tag="010"><subfield code="a">  2014218745</subfield></datafield><datafield ind1=" " ind2=" " tag="040"><subfield code="a">Nz</subfield><subfield code="b">eng</subfield><subfield code="e">rda</subfield><subfield code="c">Z5A</subfield><subfield code="d">DLC</subfield><subfield code="d">OCLCF</subfield></datafield><datafield ind1="0" ind2=" " tag="022"><subfield code="a">2376-0346</subfield><subfield code="2">1</subfield></datafield><datafield ind1="0" ind2=" " tag="029"><subfield code="a">NZ1</subfield><subfield code="b">15699493</subfield></datafield><datafield ind1=" " ind2=" " tag="042"><subfield code="a">pcc</subfield><subfield code="a">nsdp</subfield></datafield><datafield ind1=" " ind2=" " tag="043"><subfield code="a">n-us-nc</subfield></datafield><datafield ind1="1" ind2="0" tag="050"><subfield code="a">ISSN RECORD</subfield></datafield><datafield ind1="0" ind2="0" tag="082"><subfield code="a">071</subfield><subfield code="2">23</subfield></datafield><datafield ind1=" " ind2="0" tag="222"><subfield code="a">Western Carolina Democrat and French Broad hustler</subfield><subfield code="b">(Online)</subfield></datafield><datafield ind1="0" ind2="0" tag="245"><subfield code="a">Western Carolina Democrat and French Broad hustler.</subfield></datafield><datafield ind1=" " ind2="1" tag="264"><subfield code="a">Hendersonville, N. C. :</subfield><subfield code="b">French Broad Hustler, Inc.,</subfield><subfield code="c">1913-</subfield></datafield><datafield ind1=" " ind2=" " tag="300"><subfield code="a">1 online resource</subfield></datafield><datafield ind1=" " ind2=" " tag="310"><subfield code="a">Weekly</subfield></datafield><datafield ind1=" " ind2=" " tag="336"><subfield code="a">text</subfield><subfield code="b">txt</subfield><subfield code="2">rdacontent</subfield></datafield><datafield ind1=" " ind2=" " tag="337"><subfield code="a">computer</subfield><subfield code="b">c</subfield><subfield code="2">rdamedia</subfield></datafield><datafield ind1=" " ind2=" " tag="338"><subfield code="a">online resource</subfield><subfield code="b">cr</subfield><subfield code="2">rdacarrier</subfield></datafield><datafield ind1="1" ind2=" " tag="362"><subfield code="a">Began with new series--vol. 1, no. 1 (January 2, 1913); ceased with vol. XXII, no. 49 (December 23, 1915).</subfield></datafield><datafield ind1=" " ind2=" " tag="500"><subfield code="a">Publisher: The Mutual Printing Co., &lt;December 23, 1915&gt;.</subfield></datafield><datafield ind1=" " ind2=" " tag="515"><subfield code="a">Numbering is erratic.</subfield></datafield><datafield ind1=" " ind2=" " tag="588"><subfield code="a">Description based on: New series--Vol. 1, no. 1 (January 2, 1913); title from masthead (Chroniclingamerica.loc.gov, viewed November 12, 2014).</subfield></datafield><datafield ind1=" " ind2=" " tag="588"><subfield code="a">Latest issue consulted: Vol. XXII, no. 49 (December 23, 1915) (Chroniclingamerica.loc.gov, viewed November 12, 2014).</subfield></datafield><datafield ind1=" " ind2="0" tag="651"><subfield code="a">Hendersonville (N.C.)</subfield><subfield code="v">Newspapers.</subfield></datafield><datafield ind1=" " ind2="0" tag="651"><subfield code="a">Henderson County (N.C.)</subfield><subfield code="v">Newspapers.</subfield></datafield><datafield ind1=" " ind2="7" tag="655"><subfield code="a">Newspapers.</subfield><subfield code="2">fast</subfield><subfield code="0">(OCoLC)fst01423814</subfield></datafield><datafield ind1=" " ind2="7" tag="651"><subfield code="a">North Carolina</subfield><subfield code="z">Henderson County.</subfield><subfield code="2">fast</subfield><subfield code="0">(OCoLC)fst01207167</subfield></datafield><datafield ind1=" " ind2="7" tag="651"><subfield code="a">North Carolina</subfield><subfield code="z">Hendersonville.</subfield><subfield code="2">fast</subfield><subfield code="0">(OCoLC)fst01206232</subfield></datafield><datafield ind1=" " ind2=" " tag="752"><subfield code="a">United States</subfield><subfield code="b">North Carolina</subfield><subfield code="c">Henderson</subfield><subfield code="d">Hendersonville.</subfield></datafield><datafield ind1="0" ind2="8" tag="776"><subfield code="i">Originally issued in print:</subfield><subfield code="t">Western Carolina Democrat and French Broad hustler</subfield><subfield code="x">2376-0338</subfield><subfield code="w">(DLC)sn 91068159</subfield><subfield code="w">(OCoLC)24487712</subfield></datafield><datafield ind1="0" ind2="4" tag="780"><subfield code="t">Western Carolina Democrat</subfield></datafield><datafield ind1="0" ind2="4" tag="780"><subfield code="t">French Broad hustler</subfield><subfield code="x">2375-9038</subfield><subfield code="w">(DLC)  2014218731</subfield><subfield code="w">(OCoLC)894518497</subfield></datafield><datafield ind1="0" ind2="0" tag="785"><subfield code="t">French Broad hustler and Western Carolina Democrat</subfield><subfield code="x">2375-9054</subfield><subfield code="w">(DLC)  2014218732</subfield><subfield code="w">(OCoLC)894519599</subfield></datafield><datafield ind1="4" ind2="0" tag="856"><subfield code="u">http://www.loc.gov/chroniclingamerica/lccn/sn91068159/issues</subfield></datafield></record>